<?xml version="1.0" encoding="UTF-8"?><record xmlns="http://www.loc.gov/MARC21/slim" xmlns:cinclude="http://apache.org/cocoon/include/1.0" xmlns:zs="http://www.loc.gov/zing/srw/">
  <leader>00519nz  a2200145n  4500</leader>
  <controlfield tag="001">n 2012065698</controlfield>
  <controlfield tag="003">DLC</controlfield>
  <controlfield tag="005">20121011075140.0</controlfield>
  <controlfield tag="008">121010n| acannaabn          |b aaa      </controlfield>
  <datafield tag="010" ind1=" " ind2=" ">
    <subfield code="a">n 2012065698</subfield>
  </datafield>
  <datafield tag="040" ind1=" " ind2=" ">
    <subfield code="a">DLC</subfield>
    <subfield code="b">eng</subfield>
    <subfield code="c">DLC</subfield>
  </datafield>
  <datafield tag="100" ind1="1" ind2=" ">
    <subfield code="a">Seto, Yōichi</subfield>
  </datafield>
  <datafield tag="400" ind1="1" ind2=" ">
    <subfield code="a">瀬戶洋一</subfield>
  </datafield>
  <datafield tag="667" ind1=" " ind2=" ">
    <subfield code="a">Non-Latin script reference not evaluated</subfield>
  </datafield>
  <datafield tag="670" ind1=" " ind2=" ">
    <subfield code="a">Puraibashī eikyō hyōka PIA to kojin jōhō hogo, 2010:</subfield>
    <subfield code="b">t.p. (瀬戶洋一 = Seto Yōichi) p. 279 (r; prof., Shuto Daigaku Tōkyō Sangyō Gijutsu Daigakuin Daigaku)</subfield>
  </datafield>
</record>